
@article{colognaTrustClimateScience2023,
	title = {Trust in climate science and climate scientists: A qualitative review},
	author = {Cologna, Viktoria and Kotcher, John and Mede, Niels G. and Besley, John and Maibach, Edward and Oreskes, Naomi},
	doi = {10.31234/osf.io/hj2xk},
	langid = {en-us}
}

@article{colognaRoleTrustClimate2020,
	title = {The role of trust for climate change mitigation and adaptation behaviour: A meta-analysis},
	author = {Cologna, Viktoria and Siegrist, Michael},
	year = {2020},
	month = {06},
	date = {2020-06-01},
	journal = {Journal of Environmental Psychology},
	pages = {101428},
	volume = {69},
	doi = {10.1016/j.jenvp.2020.101428},
	url = {https://www.sciencedirect.com/science/article/pii/S0272494419304281},
	langid = {en}
}

@article{sturgisTrustScienceSocial2021,
	title = {Trust in science, social consensus and vaccine confidence},
	author = {Sturgis, Patrick and Brunton-Smith, Ian and Jackson, Jonathan},
	year = {2021},
	month = {11},
	date = {2021-11},
	journal = {Nature Human Behaviour},
	pages = {1528--1534},
	volume = {5},
	number = {11},
	doi = {10.1038/s41562-021-01115-7},
	url = {https://www.nature.com/articles/s41562-021-01115-7},
	langid = {en}
}

@article{lindholtPublicAcceptanceCOVID192021,
	title = {Public acceptance of COVID-19 vaccines: cross-national evidence on levels and individual-level predictors using observational data},
	author = {Lindholt, Marie Fly and {Jørgensen}, Frederik and Bor, Alexander and Petersen, Michael Bang},
	year = {2021},
	month = {06},
	date = {2021-06},
	journal = {BMJ Open},
	pages = {e048172},
	volume = {11},
	number = {6},
	doi = {10.1136/bmjopen-2020-048172},
	url = {https://bmjopen.bmj.com/lookup/doi/10.1136/bmjopen-2020-048172},
	langid = {en}
}

@article{alganTrustScientistsTimes2021,
	title = {Trust in scientists in times of pandemic: Panel evidence from 12 countries},
	author = {Algan, Yann and Cohen, Daniel and Davoine, Eva and Foucault, Martial and Stantcheva, Stefanie},
	year = {2021},
	month = {10},
	date = {2021-10-05},
	journal = {Proceedings of the National Academy of Sciences},
	pages = {e2108576118},
	volume = {118},
	number = {40},
	doi = {10.1073/pnas.2108576118},
	url = {http://www.pnas.org/lookup/doi/10.1073/pnas.2108576118},
	langid = {en}
}

@techreport{wellcomeglobalmonitorWellcomeGlobalMonitor2018,
	title = {Wellcome Global Monitor 2018},
	author = {Wellcome Global Monitor, },
	year = {2018},
	date = {2018},
	url = {https://wellcome.org/reports/wellcome-global-monitor/2018},
	langid = {en}
}

@techreport{wellcomeglobalmonitorWellcomeGlobalMonitor2020,
	title = {Wellcome Global Monitor 2020: Covid-19},
	author = {Wellcome Global Monitor, },
	year = {2020},
	date = {2020},
	url = {https://wellcome.org/reports/wellcome-global-monitor-covid-19/2020},
	langid = {en}
}

@misc{funkScienceScientistsHeld2020,
	title = {Science and Scientists Held in High Esteem Across Global Publics},
	author = {Funk, Cary and Tyson, Alec and Kennedy, Brian and Johnson, Courtney},
	year = {2020},
	month = {09},
	date = {2020-09-29},
	url = {https://www.pewresearch.org/science/2020/09/29/science-and-scientists-held-in-high-esteem-across-global-publics/},
	langid = {canadian}
}

@misc{funkPublicConfidenceScientists2020,
	title = {Public confidence in scientists has remained stable for decades},
	author = {Funk, Cary and Kennedy, Brian},
	year = {2020},
	date = {2020},
	langid = {canadian}
}

@article{smithTrendsPublicAttitudes2013,
	title = {Trends in public attitudes about confidence in institutions},
	author = {Smith, Tom W. and Son, Jaesok},
	year = {2013},
	date = {2013},
	journal = {General Social Survey Final Report}
}

@article{bauerWhatCanWe2007,
	title = {What can we learn from 25 years of PUS survey research? Liberating and expanding the agenda},
	author = {Bauer, Martin W. and Allum, Nick and Miller, Steve},
	year = {2007},
	month = {01},
	date = {2007-01},
	journal = {Public Understanding of Science},
	pages = {79--95},
	volume = {16},
	number = {1},
	doi = {10.1177/0963662506071287},
	url = {http://journals.sagepub.com/doi/10.1177/0963662506071287},
	langid = {en}
}

@article{bakEducationPublicAttitudes2001,
	title = {Education and Public Attitudes toward Science: Implications for the {\textquotedblleft}Deficit Model{\textquotedblright} of Education and Support for Science and Technology},
	author = {Bak, Hee-Je},
	year = {2001},
	date = {2001},
	journal = {Social Science Quarterly},
	pages = {779--795},
	volume = {82},
	number = {4},
	doi = {10.1111/0038-4941.00059},
	url = {https://onlinelibrary.wiley.com/doi/abs/10.1111/0038-4941.00059},
	note = {{\_}eprint: https://onlinelibrary.wiley.com/doi/pdf/10.1111/0038-4941.00059},
	langid = {en}
}

@article{noyScienceGoodEffects2019,
	title = {Science for good? The effects of education and national context on perceptions of science},
	author = {Noy, Shiri and {O{\textquoteright}Brien}, Timothy L.},
	year = {2019},
	month = {11},
	date = {2019-11},
	journal = {Public Understanding of Science},
	pages = {897--916},
	volume = {28},
	number = {8},
	doi = {10.1177/0963662519863575},
	url = {http://journals.sagepub.com/doi/10.1177/0963662519863575},
	langid = {en}
}

@article{gauchatCulturalCognitiveMappingScientific2018,
	title = {The Cultural-Cognitive Mapping of Scientific Professions},
	author = {Gauchat, Gordon and Andrews, Kenneth T.},
	year = {2018},
	month = {06},
	date = {2018-06},
	journal = {American Sociological Review},
	pages = {567--595},
	volume = {83},
	number = {3},
	doi = {10.1177/0003122418773353},
	url = {http://journals.sagepub.com/doi/10.1177/0003122418773353},
	langid = {en}
}

@article{millerPublicUnderstandingAttitudes2004,
	title = {Public Understanding of, and Attitudes toward, Scientific Research: What We Know and What We Need to Know},
	author = {Miller, Jon D.},
	year = {2004},
	month = {07},
	date = {2004-07},
	journal = {Public Understanding of Science},
	pages = {273--294},
	volume = {13},
	number = {3},
	doi = {10.1177/0963662504044908},
	url = {http://journals.sagepub.com/doi/10.1177/0963662504044908},
	langid = {en}
}

@book{nationalacademiesofsciencesengineeringandmedicineScienceLiteracyConcepts2016,
	title = {Science Literacy: Concepts, Contexts, and Consequences},
	author = {{National Academies of Sciences, Engineering, and Medicine}, },
	editor = {Snow, Catherine E. and Dibner, Kenne A.},
	year = {2016},
	month = {10},
	date = {2016-10-14},
	publisher = {National Academies Press},
	doi = {10.17226/23595},
	url = {https://www.nap.edu/catalog/23595},
	note = {Pages: 23595
DOI: 10.17226/23595},
	address = {Washington, D.C.},
	langid = {en}
}

@article{sturgisScienceSocietyReEvaluating2004,
	title = {Science in Society: Re-Evaluating the Deficit Model of Public Attitudes},
	author = {Sturgis, Patrick and Allum, Nick},
	year = {2004},
	month = {01},
	date = {2004-01},
	journal = {Public Understanding of Science},
	pages = {55--74},
	volume = {13},
	number = {1},
	doi = {10.1177/0963662504042690},
	url = {http://journals.sagepub.com/doi/10.1177/0963662504042690},
	langid = {en}
}

@article{allumScienceKnowledgeAttitudes2008,
	title = {Science knowledge and attitudes across cultures: a meta-analysis},
	author = {Allum, Nick and Sturgis, Patrick and Tabourazi, Dimitra and Brunton-Smith, Ian},
	year = {2008},
	month = {01},
	date = {2008-01},
	journal = {Public Understanding of Science},
	pages = {35--54},
	volume = {17},
	number = {1},
	doi = {10.1177/0963662506070159},
	url = {http://journals.sagepub.com/doi/10.1177/0963662506070159},
	langid = {en}
}

@article{durantPublicUnderstandingScience1989,
	title = {The public understanding of science},
	author = {Durant, John R. and Evans, Geoffrey A. and Thomas, Geoffrey P.},
	year = {1989},
	month = {07},
	date = {1989-07},
	journal = {Nature},
	pages = {11--14},
	volume = {340},
	number = {6228},
	doi = {10.1038/340011a0},
	url = {https://www.nature.com/articles/340011a0},
	langid = {en}
}

@article{millerMeasurementCivicScientific1998a,
	title = {The measurement of civic scientific literacy},
	author = {Miller, Jon D.},
	year = {1998},
	month = {07},
	date = {1998-07},
	journal = {Public Understanding of Science},
	pages = {203--223},
	volume = {7},
	number = {3},
	doi = {10.1088/0963-6625/7/3/001},
	url = {http://journals.sagepub.com/doi/10.1088/0963-6625/7/3/001},
	langid = {en}
}

@article{pfanderHowWiseCrowd2025,
	title = {How wise is the crowd: Can we infer people are accurate and competent merely because they agree with each other?},
	author = {{Pfänder}, Jan and De Courson, {Benoît} and Mercier, Hugo},
	year = {2025},
	month = {02},
	date = {2025-02},
	journal = {Cognition},
	pages = {106005},
	volume = {255},
	doi = {10.1016/j.cognition.2024.106005},
	url = {https://linkinghub.elsevier.com/retrieve/pii/S0010027724002919},
	langid = {en}
}

@article{feinsteinSustainedExperienceEmotion2010,
	title = {Sustained experience of emotion after loss of memory in patients with amnesia},
	author = {Feinstein, Justin S. and Duff, Melissa C. and Tranel, Daniel},
	year = {2010},
	month = {04},
	date = {2010-04-27},
	journal = {Proceedings of the National Academy of Sciences},
	pages = {7674--7679},
	volume = {107},
	number = {17},
	doi = {10.1073/pnas.0914054107},
	url = {https://www.pnas.org/doi/10.1073/pnas.0914054107},
	note = {Publisher: Proceedings of the National Academy of Sciences}
}

@article{gauchatCulturalAuthorityScience2011,
	title = {The cultural authority of science: Public trust and acceptance of organized science},
	author = {Gauchat, Gordon},
	year = {2011},
	month = {11},
	date = {2011-11},
	journal = {Public Understanding of Science},
	pages = {751--770},
	volume = {20},
	number = {6},
	doi = {10.1177/0963662510365246},
	url = {http://journals.sagepub.com/doi/10.1177/0963662510365246},
	langid = {en}
}

@book{habermasJurgenHabermasSociety1989,
	title = {Jürgen Habermas on society and politics: a reader},
	author = {Habermas, {Jürgen}},
	editor = {Seidman, Steven},
	year = {1989},
	date = {1989},
	publisher = {Beacon Press},
	series = {Sociology, political science, philosophy},
	edition = {1. [print.]},
	address = {Boston},
	langid = {eng}
}

@book{beckRiskSocietyNew1992,
	title = {Risk society: towards a new modernity},
	author = {Beck, Ulrich},
	year = {1992},
	date = {1992},
	publisher = {Sage},
	series = {Theory, culture & society},
	edition = {Repr},
	address = {London},
	langid = {eng}
}

@book{giddensModernitySelfidentitySelf1991,
	title = {Modernity and self-identity: self and society in the late modern age},
	author = {Giddens, Anthony},
	year = {1991},
	date = {1991},
	publisher = {Stanford University Press},
	address = {Stanford, Calif}
}

@article{gauchatPoliticizationSciencePublic2012,
	title = {Politicization of Science in the Public Sphere: A Study of Public Trust in the United States, 1974 to 2010},
	author = {Gauchat, Gordon},
	year = {2012},
	month = {04},
	date = {2012-04},
	journal = {American Sociological Review},
	pages = {167--187},
	volume = {77},
	number = {2},
	doi = {10.1177/0003122412438225},
	url = {http://journals.sagepub.com/doi/10.1177/0003122412438225},
	langid = {en}
}

@article{pfanderQuasiuniversalAcceptanceBasic2024,
	title = {Quasi-universal acceptance of basic science in the US},
	author = {{Pfänder}, Jan and Kerzreho, Lou and Mercier, Hugo},
	year = {2024},
	month = {12},
	date = {2024-12-30},
	doi = {10.31219/osf.io/qc43v},
	url = {https://osf.io/qc43v},
	langid = {en-us}
}

@article{liquinMotivatedLearnAccount2022,
	title = {Motivated to learn: An account of explanatory satisfaction},
	author = {Liquin, Emily G. and Lombrozo, Tania},
	year = {2022},
	month = {02},
	date = {2022-02},
	journal = {Cognitive Psychology},
	pages = {101453},
	volume = {132},
	doi = {10.1016/j.cogpsych.2021.101453},
	url = {https://linkinghub.elsevier.com/retrieve/pii/S0010028521000761},
	langid = {en}
}

@article{mahrWhyWeRemember2018,
	title = {Why do we remember? The communicative function of episodic memory},
	author = {Mahr, Johannes B. and Csibra, Gergely},
	year = {2018},
	month = {01},
	date = {2018-01},
	journal = {Behavioral and Brain Sciences},
	pages = {e1},
	volume = {41},
	doi = {10.1017/S0140525X17000012},
	url = {https://www.cambridge.org/core/journals/behavioral-and-brain-sciences/article/why-do-we-remember-the-communicative-function-of-episodic-memory/CC092B430A7213B4C9BF2C4B48415B64},
	langid = {en}
}

@article{readExplanatoryCoherenceSocial1993,
	title = {Explanatory coherence in social explanations: A parallel distributed processing account.},
	author = {Read, Stephen J. and Marcus-Newhall, Amy},
	year = {1993},
	month = {09},
	date = {1993-09},
	journal = {Journal of Personality and Social Psychology},
	pages = {429--447},
	volume = {65},
	number = {3},
	doi = {10.1037/0022-3514.65.3.429},
	url = {https://doi.apa.org/doi/10.1037/0022-3514.65.3.429},
	langid = {en}
}

@article{lombrozoStructureFunctionExplanations2006,
	title = {The structure and function of explanations},
	author = {Lombrozo, Tania},
	year = {2006},
	month = {10},
	date = {2006-10},
	journal = {Trends in Cognitive Sciences},
	pages = {464--470},
	volume = {10},
	number = {10},
	doi = {10.1016/j.tics.2006.08.004},
	url = {https://linkinghub.elsevier.com/retrieve/pii/S1364661306002117},
	langid = {en}
}

@article{weingartScienceCommunicationIssue2016,
	title = {Science communication and the issue of trust},
	author = {Weingart, Peter and Guenther, Lars},
	year = {2016},
	month = {09},
	date = {2016-09-21},
	journal = {Journal of Science Communication},
	pages = {C01},
	volume = {15},
	number = {05},
	doi = {10.22323/2.15050301},
	url = {https://jcom.sissa.it/article/pubid/JCOM_1505_2016_C01/},
	langid = {en}
}

@techreport{konigHowCommunicateScience2023,
	title = {How to communicate science to the public? Recommendations for effective written communication derived from a systematic review},
	author = {{König}, Laura M and {Altenmüller}, Marlene Sophie and Fick, Julian and Crusius, Jan and Genschow, Oliver and Sauerland, Melanie},
	year = {2023},
	month = {08},
	date = {2023-08-15},
	doi = {10.31234/osf.io/cwbrs},
	url = {https://osf.io/cwbrs},
	note = {DOI: 10.31234/osf.io/cwbrs},
	langid = {en}
}

@article{tenhoveUpdatedGuidelinesSelecting2024,
	title = {Updated guidelines on selecting an intraclass correlation coefficient for interrater reliability, with applications to incomplete observational designs},
	author = {Ten Hove, Debby and Jorgensen, Terrence D. and van der Ark, L. Andries},
	year = {2024},
	month = {10},
	date = {2024-10},
	journal = {Psychological Methods},
	pages = {967--979},
	volume = {29},
	number = {5},
	doi = {10.1037/met0000516},
	note = {PMID: 36048052},
	langid = {eng}
}

@inbook{heymanBehavioralObservationCoding2014,
	title = {Behavioral Observation and Coding},
	author = {Heyman, Richard E. and Lorber, Michael F. and Eddy, J. Mark and West, Tessa V.},
	editor = {Judd, Charles M. and Reis, Harry T.},
	year = {2014},
	date = {2014},
	publisher = {Cambridge University Press},
	pages = {345--372},
	edition = {2},
	doi = {10.1017/CBO9780511996481.018},
	url = {https://www.cambridge.org/core/books/handbook-of-research-methods-in-social-and-personality-psychology/behavioral-observation-and-coding/2F7375E96411E8149612C9C68315F8B3},
	note = {DOI: 10.1017/CBO9780511996481.018},
	address = {Cambridge}
}

@article{gunaydinImpressionsBasedPortrait2017,
	title = {Impressions Based on a Portrait Predict, 1-Month Later, Impressions Following a Live Interaction},
	author = {Gunaydin, Gul and Selcuk, Emre and Zayas, Vivian},
	year = {2017},
	month = {01},
	date = {2017-01},
	journal = {Social Psychological and Personality Science},
	pages = {36--44},
	volume = {8},
	number = {1},
	doi = {10.1177/1948550616662123},
	url = {https://journals.sagepub.com/doi/10.1177/1948550616662123},
	langid = {en}
}

@article{lombrozoSimplicityProbabilityCausal2007,
	title = {Simplicity and probability in causal explanation},
	author = {Lombrozo, Tania},
	year = {2007},
	month = {11},
	date = {2007-11},
	journal = {Cognitive Psychology},
	pages = {232--257},
	volume = {55},
	number = {3},
	doi = {10.1016/j.cogpsych.2006.09.006},
	url = {https://linkinghub.elsevier.com/retrieve/pii/S0010028506000739},
	langid = {en}
}

@book{sperberExplainingCultureNaturalistic2002,
	title = {Explaining culture: a naturalistic approach},
	author = {Sperber, Dan},
	year = {2002},
	date = {2002},
	publisher = {Blackwell},
	edition = {[Repr.], 1. publ. 1996},
	address = {Oxford},
	langid = {eng}
}

@book{sperberExplainingCultureNaturalistic1996,
	title = {Explaining culture: a naturalistic approach},
	author = {Sperber, Dan},
	year = {1996},
	date = {1996},
	publisher = {Blackwell},
	address = {Oxford, UK ; Cambridge, Mass}
}

@book{boyerNaturalnessReligiousIdeas1994,
	title = {The naturalness of religious ideas: a cognitive theory of religion},
	author = {Boyer, Pascal},
	year = {1994},
	date = {1994},
	publisher = {University of California Press},
	address = {Berkeley}
}

@book{gottschallStorytellingAnimalHow2012,
	title = {The Storytelling Animal: How Stories Make Us Human},
	author = {Gottschall, Jonathan},
	year = {2012},
	date = {2012},
	publisher = {Houghton Mifflin Harcourt},
	address = {Boston},
	langid = {eng}
}

@article{dubourgWhyImaginaryWorlds2022,
	title = {Why imaginary worlds? The psychological foundations and cultural evolution of fictions with imaginary worlds},
	author = {Dubourg, Edgar and Baumard, Nicolas},
	year = {2022},
	date = {2022},
	journal = {Behavioral and Brain Sciences},
	pages = {e276},
	volume = {45},
	doi = {10.1017/S0140525X21000923},
	url = {https://www.cambridge.org/core/product/identifier/S0140525X21000923/type/journal_article},
	langid = {en}
}

@article{fitchBiologyEvolutionMusic2006,
	title = {The biology and evolution of music: A comparative perspective},
	author = {Fitch, W. Tecumseh},
	year = {2006},
	month = {05},
	date = {2006-05},
	journal = {Cognition},
	pages = {173--215},
	volume = {100},
	number = {1},
	doi = {10.1016/j.cognition.2005.11.009},
	url = {https://linkinghub.elsevier.com/retrieve/pii/S0010027705002258},
	langid = {en}
}

@article{lienardWhenceCollectiveRituals2006,
	title = {Whence Collective Rituals? A Cultural Selection Model of Ritualized Behavior},
	author = {{Liénard}, Pierre and Boyer, Pascal},
	year = {2006},
	month = {12},
	date = {2006-12},
	journal = {American Anthropologist},
	pages = {814--827},
	volume = {108},
	number = {4},
	doi = {10.1525/aa.2006.108.4.814},
	url = {https://anthrosource.onlinelibrary.wiley.com/doi/10.1525/aa.2006.108.4.814},
	langid = {en}
}

@article{mitonUniversalCognitiveMechanisms2015,
	title = {Universal cognitive mechanisms explain the cultural success of bloodletting},
	author = {Miton, Helena and {Claidière}, Nicolas and Mercier, Hugo},
	year = {2015},
	month = {07},
	date = {2015-07},
	journal = {Evolution and Human Behavior},
	pages = {303--312},
	volume = {36},
	number = {4},
	doi = {10.1016/j.evolhumbehav.2015.01.003},
	url = {https://linkinghub.elsevier.com/retrieve/pii/S1090513815000136},
	langid = {en}
}

@article{norenzayanMemoryMysteryCultural2006,
	title = {Memory and Mystery: The Cultural Selection of Minimally Counterintuitive Narratives},
	author = {Norenzayan, Ara and Atran, Scott and Faulkner, Jason and Schaller, Mark},
	year = {2006},
	month = {05},
	date = {2006-05-06},
	journal = {Cognitive Science},
	pages = {531--553},
	volume = {30},
	number = {3},
	doi = {10.1207/s15516709cog0000_68},
	url = {https://onlinelibrary.wiley.com/doi/10.1207/s15516709cog0000_68},
	langid = {en}
}

@book{lawsonRethinkingReligionConnecting1990,
	title = {Rethinking religion: connecting cognition and culture},
	author = {Lawson, E. Thomas and McCauley, Robert N.},
	year = {1990},
	date = {1990},
	publisher = {Cambridge University Press},
	address = {Cambridge [England] ; New York}
}

@article{boyerDerivingFeaturesReligions2021,
	title = {Deriving Features of Religions in the Wild: How Communication and Threat-Detection May Predict Spirits, Gods, Witches, and Shamans},
	author = {Boyer, Pascal},
	year = {2021},
	month = {09},
	date = {2021-09},
	journal = {Human Nature},
	pages = {557--581},
	volume = {32},
	number = {3},
	doi = {10.1007/s12110-021-09410-y},
	url = {https://link.springer.com/10.1007/s12110-021-09410-y},
	langid = {en}
}

@article{andreCulturalEvolutionProducers2023,
	title = {Cultural evolution from the producers{\textquoteright} standpoint},
	author = {{André}, Jean-Baptiste and Baumard, Nicolas and Boyer, Pascal},
	year = {2023},
	date = {2023},
	journal = {Evolutionary Human Sciences},
	pages = {e25},
	volume = {5},
	doi = {10.1017/ehs.2023.20},
	url = {https://www.cambridge.org/core/product/identifier/S2513843X23000208/type/journal_article},
	langid = {en}
}

@article{singhCulturalEvolutionShamanism2018,
	title = {The cultural evolution of shamanism},
	author = {Singh, Manvir},
	year = {2018},
	date = {2018},
	journal = {Behavioral and Brain Sciences},
	pages = {e66},
	volume = {41},
	doi = {10.1017/S0140525X17001893},
	url = {https://www.cambridge.org/core/product/identifier/S0140525X17001893/type/journal_article},
	langid = {en}
}

@techreport{funkScienceNewsInformation2017,
	title = {Science News and Information Today},
	author = {Funk, Cary and Gottfried, Jeffrey and Mitchell, Amy},
	year = {2017},
	month = {09},
	date = {2017-09-20},
	url = {https://www.pewresearch.org/science/2017/09/20/science-news-and-information-today/},
	langid = {canadian}
}

@book{wolpertUnnaturalNatureScience1994,
	title = {The unnatural nature of science},
	author = {Wolpert, Lewis},
	year = {1994},
	date = {1994},
	publisher = {Harvard University Press},
	address = {Cambridge, Mass},
	langid = {eng}
}

@book{cromerUncommonSenseHeretical1995,
	title = {Uncommon Sense: The Heretical Nature of Science},
	author = {Cromer, Alan H.},
	year = {1995},
	date = {1995},
	publisher = {Oxford University Press, Incorporated},
	edition = {1st ed},
	address = {Oxford},
	langid = {eng}
}

@book{shtulmanScienceblindWhyOur2017,
	title = {Scienceblind: why our intuitive theories about the world are so often wrong},
	author = {Shtulman, Andrew},
	year = {2017},
	date = {2017},
	publisher = {Basic Books},
	address = {New York},
	langid = {eng}
}

@book{mccauleyWhyReligionNatural,
	title = {Why Religion is Natural and Science is Not},
	author = {McCauley, Robert N.},
	publisher = {Oxford University Press},
	langid = {English}
}

@article{mccloskeyCurvilinearMotionAbsence1980,
	title = {Curvilinear Motion in the Absence of External Forces: Naïve Beliefs About the Motion of Objects},
	author = {McCloskey, Michael and Caramazza, Alfonso and Green, Bert},
	year = {1980},
	month = {12},
	date = {1980-12-05},
	journal = {Science},
	pages = {1139--1141},
	volume = {210},
	number = {4474},
	doi = {10.1126/science.210.4474.1139},
	url = {https://www.science.org/doi/10.1126/science.210.4474.1139},
	langid = {en}
}

@article{ronfardInhibitingIntuitionScaffolding2021,
	title = {Inhibiting intuition: Scaffolding children's theory construction about species evolution in the face of competing explanations},
	author = {Ronfard, Samuel and Brown, Sarah and Doncaster, Erin and Kelemen, Deborah},
	year = {2021},
	month = {06},
	date = {2021-06-01},
	journal = {Cognition},
	pages = {104635},
	volume = {211},
	doi = {10.1016/j.cognition.2021.104635},
	url = {https://www.sciencedirect.com/science/article/pii/S0010027721000548}
}

@article{colognaTrustScientistsTheir2025,
	title = {Trust in scientists and their role in society across 68 countries},
	author = {Cologna, Viktoria and Mede, Niels G. and Berger, Sebastian and Besley, John and Brick, Cameron and Joubert, Marina and Maibach, Edward W. and Mihelj, Sabina and Oreskes, Naomi and {Schäfer}, Mike S. and van der Linden, Sander and Abdul Aziz, Nor Izzatina and Abdulsalam, Suleiman and Shamsi, Nurulaini Abu and Aczel, Balazs and Adinugroho, Indro and Alabrese, Eleonora and Aldoh, Alaa and Alfano, Mark and Ali, Innocent Mbulli and Alsobay, Mohammed and {Altenmüller}, Marlene and Alvarez, R. Michael and Amoako, Richard and Amollo, Tabitha and Ansah, Patrick and Apriliawati, Denisa and Azevedo, Flavio and Bajrami, Ani and Bardhan, Ronita and Bati, Keagile and Bertsou, Eri and Betsch, Cornelia and Bhatiya, Apurav Yash and Bhui, Rahul and {Bia{\l}obrzeska}, Olga and Bilewicz, {Micha{\l}} and Bouguettaya, Ayoub and Breeden, Katherine and Bret, {Amélie} and Buchel, Ondrej and {Cabrera-Álvarez}, Pablo and Cagnoli, Federica and Calero Valdez, {André} and Callaghan, Timothy and Cases, Rizza Kaye and {Çoksan}, Sami and Czarnek, Gabriela and De Peuter, Steven and Debnath, Ramit and {Delouvée}, Sylvain and Di Stefano, Lucia and {Díaz-Catalán}, Celia and Doell, Kimberly C. and Dohle, Simone and Douglas, Karen M. and Dries, Charlotte and Dubrov, Dmitrii and {Dzimi{\'{n}}ska}, {Ma{\l}gorzata} and Ecker, Ullrich K. H. and Elbaek, Christian T. and Elsherif, Mahmoud and Enke, Benjamin and Etienne, Tom W. and Facciani, Matthew and Fage-Butler, Antoinette and Faisal, Md Zaki and Fan, Xiaoli and Farhart, Christina and Feldhaus, Christoph and Ferreira, Marinus and Feuerriegel, Stefan and Fischer, Helen and Freundt, Jana and Friese, Malte and Fuglsang, Simon and Gallyamova, Albina and {Garrido-Vásquez}, Patricia and {Garrido Vásquez}, Mauricio E. and Gatua, Winfred and Genschow, Oliver and Ghasemi, Omid and Gkinopoulos, Theofilos and Gloor, Jamie L. and Goddard, Ellen and Gollwitzer, Mario and {González-Brambila}, Claudia and Gordon, Hazel and Grigoryev, Dmitry and Grimshaw, Gina M. and Guenther, Lars and Haarstad, {Håvard} and Harari, Dana and Hawkins, Lelia N. and Hensel, {Przemys{\l}aw} and {Hernández-Mondragón}, Alma Cristal and Herziger, Atar and Huang, Guanxiong and Huff, Markus and Hurley, {Mairéad} and Ibadildin, Nygmet and Ishibashi, Maho and Islam, Mohammad Tarikul and Jeddi, Younes and Jin, Tao and Jones, Charlotte A. and Jungkunz, Sebastian and Jurgiel, Dominika and Kabdulkair, Zhangir and Kao, Jo-Ju and Kavassalis, Sarah and Kerr, John R. and Kitsa, Mariana and {Klabíková Rábová}, Tereza and Klein, Olivier and Koh, Hoyoun and Koivula, Aki and Kojan, Lilian and Komyaginskaya, Elizaveta and {König}, Laura and Koppel, Lina and Koren Nobre Cavalcante, Kochav and Kosachenko, Alexandra and Kotcher, John and Kranz, Laura S. and Krishnan, Pradeep and Kristiansen, Silje and Krouwel, {André} and Kuppens, Toon and Kyza, Eleni A. and Lamm, Claus and Lantian, Anthony and {Lazi{\'{c}}}, Aleksandra and Lecuona, Oscar and {Légal}, Jean-Baptiste and Leviston, Zoe and Levy, Neil and Lindkvist, Amanda M. and Lits, {Grégoire} and {Löschel}, Andreas and {López Ortega}, Alberto and Lopez-Villavicencio, Carlos and Lou, Nigel Mantou and Lucas, Chloe H. and Lunz-Trujillo, Kristin and Marques, Mathew D. and Mayer, Sabrina J. and McKay, Ryan and Mercier, Hugo and Metag, Julia and Milfont, Taciano L. and Miller, Joanne M. and Mitkidis, Panagiotis and {Monge-Rodríguez}, Fredy and Motta, Matt and Mudra, Iryna and {Mur{\v{s}}i{\v{c}}}, Zarja and Namutebi, Jennifer and Newman, Eryn J. and Nitschke, Jonas P. and Ntui, Ntui-Njock Vincent and Nwogwugwu, Daniel and Ostermann, Thomas and Otterbring, Tobias and Palmer-Hague, Jaime and Pantazi, Myrto and {Pärnamets}, Philip and Parra Saiani, Paolo and Paruzel-Czachura, Mariola and Parzuchowski, Michal and Pavlov, Yuri G. and Pearson, Adam R. and Penner, Myron A. and Pennington, Charlotte R. and Petkanopoulou, Katerina and {Petrovi{\'{c}}}, Marija B. and {Pfänder}, Jan and Pisareva, Dinara and Ploszaj, Adam and {Poliaková}, {Karolína} and Pronizius, Ekaterina and Pypno-Blajda, Katarzyna and {Quiñones}, Diwa Malaya A. and {Räsänen}, Pekka and Rauchfleisch, Adrian and Rebitschek, Felix G. and Refojo Seronero, Cintia and {Rêgo}, Gabriel and Reynolds, James P. and Roche, Joseph and {Rödder}, Simone and {Röer}, Jan Philipp and Ross, Robert M. and Ruin, Isabelle and Santos, Osvaldo and Santos, Ricardo R. and Schmid, Philipp and Schulreich, Stefan and Scoggins, Bermond and Sharaf, Amena and Sheria Nfundiko, Justin and Shuckburgh, Emily and Six, Johan and Solak, Nevin and {Späth}, Leonhard and Spruyt, Bram and Standaert, Olivier and Stanley, Samantha K. and Storms, Gert and Strahm, Noel and Syropoulos, Stylianos and Szaszi, Barnabas and Szumowska, Ewa and Tanaka, Mikihito and Teran-Escobar, Claudia and Todorova, Boryana and Toko, Abdoul Kafid and Tokrri, Renata and Toribio-Florez, Daniel and Tsakiris, Manos and Tyrala, Michael and {Ulu{\u{g}}}, {Özden Melis} and Uzoma, Ijeoma Chinwe and van Noord, Jochem and Varda, Christiana and Verheyen, Steven and Vilares, Iris and Vlasceanu, Madalina and von Bubnoff, Andreas and Walker, Iain and Warwas, Izabela and Weber, Marcel and Weninger, Tim and Westfal, Mareike and Wintterlin, Florian and Wojcik, Adrian Dominik and Xia, Ziqian and Xie, Jinliang and Zegler-Poleska, Ewa and Zenklusen, Amber and Zwaan, Rolf A.},
	year = {2025},
	month = {01},
	date = {2025-01-20},
	journal = {Nature Human Behaviour},
	pages = {1--18},
	doi = {10.1038/s41562-024-02090-5},
	url = {https://www.nature.com/articles/s41562-024-02090-5},
	note = {Publisher: Nature Publishing Group},
	langid = {en}
}

@article{lewandowskyWorldviewmotivatedRejectionScience2021,
	title = {Worldview-motivated rejection of science and the norms of science},
	author = {Lewandowsky, Stephan and Oberauer, Klaus},
	year = {2021},
	month = {10},
	date = {2021-10},
	journal = {Cognition},
	pages = {104820},
	volume = {215},
	doi = {10.1016/j.cognition.2021.104820},
	url = {https://linkinghub.elsevier.com/retrieve/pii/S0010027721002390},
	langid = {en}
}

@article{hornseyAttitudeRootsJiu2017a,
	title = {Attitude roots and Jiu Jitsu persuasion: Understanding and overcoming the motivated rejection of science.},
	author = {Hornsey, Matthew J. and Fielding, Kelly S.},
	year = {2017},
	month = {07},
	date = {2017-07},
	journal = {American Psychologist},
	pages = {459--473},
	volume = {72},
	number = {5},
	doi = {10.1037/a0040437},
	url = {https://doi.apa.org/doi/10.1037/a0040437},
	langid = {en}
}

@article{hastieRobustBeautyMajority2005,
	title = {The Robust Beauty of Majority Rules in Group Decisions.},
	author = {Hastie, Reid and Kameda, Tatsuya},
	year = {2005},
	date = {2005},
	journal = {Psychological Review},
	pages = {494--508},
	volume = {112},
	number = {2},
	doi = {10.1037/0033-295X.112.2.494},
	url = {http://doi.apa.org/getdoi.cfm?doi=10.1037/0033-295X.112.2.494},
	langid = {en}
}

@article{dubourgUsingNestedStructure2025,
	title = {Using the Nested Structure of Knowledge to Infer What Others Know},
	author = {Dubourg, Edgar and Dheilly, Thomas and Mercier, Hugo and Morin, Olivier},
	year = {2025},
	month = {06},
	date = {2025-06-01},
	journal = {Psychological Science},
	pages = {443--450},
	volume = {36},
	number = {6},
	doi = {10.1177/09567976251339633},
	url = {https://doi.org/10.1177/09567976251339633},
	note = {Publisher: SAGE Publications Inc},
	langid = {EN}
}

@article{slomanForgettingPrimedFragment1988,
	title = {Forgetting in primed fragment completion.},
	author = {Sloman, Steven A. and Hayman, C. A. and Ohta, Nobuo and Law, Janine and Tulving, Endel},
	year = {1988},
	date = {1988},
	journal = {Journal of Experimental Psychology: Learning, Memory, and Cognition},
	pages = {223},
	volume = {14},
	number = {2},
	note = {ISBN: 1939-1285
Publisher: American Psychological Association}
}

@article{parkinDifferentialNatureImplicit1990,
	title = {On the differential nature of implicit and explicit memory},
	author = {Parkin, Alan J. and Reid, Thomas K. and Russo, Riccardo},
	year = {1990},
	month = {09},
	date = {1990-09},
	journal = {Memory & Cognition},
	pages = {507--514},
	volume = {18},
	number = {5},
	doi = {10.3758/BF03198483},
	url = {http://link.springer.com/10.3758/BF03198483},
	langid = {en}
}

@article{murphyForgettingVerbatimInformation1994,
	title = {Forgetting of verbatim information in discourse},
	author = {Murphy, Gregory L. and Shapiro, Amy M.},
	year = {1994},
	month = {01},
	date = {1994-01},
	journal = {Memory & Cognition},
	pages = {85--94},
	volume = {22},
	number = {1},
	doi = {10.3758/BF03202764},
	url = {http://link.springer.com/10.3758/BF03202764},
	langid = {en}
}

@article{reynaScientificTheoryGist2021,
	title = {A scientific theory of gist communication and misinformation resistance, with implications for health, education, and policy},
	author = {Reyna, Valerie F.},
	year = {2021},
	month = {04},
	date = {2021-04-13},
	journal = {Proceedings of the National Academy of Sciences},
	pages = {e1912441117},
	volume = {118},
	number = {15},
	doi = {10.1073/pnas.1912441117},
	url = {https://www.pnas.org/doi/full/10.1073/pnas.1912441117},
	note = {Publisher: Proceedings of the National Academy of Sciences}
}

@article{evans-robertsRememberingRelationshipsPreserved2010,
	title = {Remembering Relationships: Preserved Emotion-Based Learning in Alzheimer's Disease},
	author = {Evans-Roberts, Cathryn E. Y. and Turnbull, Oliver H.},
	year = {2010},
	month = {12},
	date = {2010-12-30},
	journal = {Experimental Aging Research},
	pages = {1--16},
	volume = {37},
	number = {1},
	doi = {10.1080/0361073X.2011.536750},
	url = {http://www.tandfonline.com/doi/abs/10.1080/0361073X.2011.536750},
	langid = {en}
}

@article{scheufeleThirtyYearsScience2022,
	title = {Thirty years of science{\textendash}society interfaces: What{\textquoteright}s next?},
	author = {Scheufele, Dietram A.},
	year = {2022},
	month = {04},
	date = {2022-04},
	journal = {Public Understanding of Science},
	pages = {297--304},
	volume = {31},
	number = {3},
	doi = {10.1177/09636625221075947},
	url = {https://journals.sagepub.com/doi/10.1177/09636625221075947},
	langid = {en}
}

@article{altayItMyIdea2020,
	title = {It's my idea! Reputation management and idea appropriation},
	author = {Altay, Sacha and Majima, Yoshimasa and Mercier, Hugo},
	year = {2020},
	month = {05},
	date = {2020-05},
	journal = {Evolution and Human Behavior},
	pages = {235--243},
	volume = {41},
	number = {3},
	doi = {10.1016/j.evolhumbehav.2020.03.004},
	url = {https://linkinghub.elsevier.com/retrieve/pii/S1090513820300453},
	langid = {en}
}

@book{mccauleyWhyReligionNatural2011a,
	title = {Why religion is natural and science is not},
	author = {McCauley, Robert N.},
	year = {2011},
	date = {2011},
	publisher = {Oxford University Press}
}


@article{pfanderRationalImpressionAccount2025a,
	title = {The rational impression account of trust in science},
	author = {{Pfänder}, Jan and Mercier, Hugo},
	year = {2025},
	month = {10},
	date = {2025-10-03},
	doi = {10.31234/osf.io/nwka2_v1},
	url = {https://osf.io/nwka2_v1},
	langid = {en-us}
}

@article{pfanderQuasiuniversalAcceptanceBasic2025,
	title = {Quasi-universal acceptance of basic science in the US},
	author = {{Pfänder}, Jan and Kerzreho, Lou and Mercier, Hugo},
	year = {2025},
	month = {03},
	date = {2025-03-14},
	doi = {10.31219/osf.io/qc43v_v2},
	url = {https://osf.io/qc43v_v2}
}

@article{pfanderQuasiuniversalAcceptanceBasic2025b,
	title = {Quasi-universal acceptance of basic science in the United States},
	author = {{Pfänder}, Jan and Kerzreho, Lou and Mercier, Hugo},
	year = {2025},
	month = {09},
	date = {2025-09-01},
	journal = {Public Understanding of Science},
	pages = {09636625251364407},
	doi = {10.1177/09636625251364407},
	url = {https://doi.org/10.1177/09636625251364407},
	note = {Publisher: SAGE Publications Ltd},
	langid = {EN}
}
