
@article{tenhoveUpdatedGuidelinesSelecting2024,
	title = {Updated guidelines on selecting an intraclass correlation coefficient for interrater reliability, with applications to incomplete observational designs},
	author = {Ten Hove, Debby and Jorgensen, Terrence D. and van der Ark, L. Andries},
	year = {2024},
	month = {10},
	date = {2024-10},
	journal = {Psychological Methods},
	pages = {967--979},
	volume = {29},
	number = {5},
	doi = {10.1037/met0000516},
	note = {PMID: 36048052},
	langid = {eng}
}

@inbook{heymanBehavioralObservationCoding2014,
	title = {Behavioral Observation and Coding},
	author = {Heyman, Richard E. and Lorber, Michael F. and Eddy, J. Mark and West, Tessa V.},
	editor = {Judd, Charles M. and Reis, Harry T.},
	year = {2014},
	date = {2014},
	publisher = {Cambridge University Press},
	pages = {345--372},
	edition = {2},
	doi = {10.1017/CBO9780511996481.018},
	url = {https://www.cambridge.org/core/books/handbook-of-research-methods-in-social-and-personality-psychology/behavioral-observation-and-coding/2F7375E96411E8149612C9C68315F8B3},
	note = {DOI: 10.1017/CBO9780511996481.018},
	address = {Cambridge}
}
